2850 4626
520 261 522 266 ·
563 222 699 290 LIBER
718 223 794 289 XII.
1036 150 1046 180 ’
1186 233 1247 290 26³

18 355 20 406 5
137 413 238 479 τερος
264 383 447 481 ἑκατέρου·
498 393 555 458 καί
583 384 632 474 ῶς
654 368 720 478 άρά
749 381 768 454 ὁ
791 390 903 456 ΑΒΓΔ
928 383 1058 466 κύκλος,
1071 389 1166 478 πρὸς·
1183 386 1245 455 τὸν

16 519 19 580 3
136 493 258 560 ΕΖΗΘ
281 485 401 557 κύκλον
432 484 537 568 οὕτως
568 485 602 557 σί
625 485 683 560 ἐπ’
709 483 819 556 αὐτῶν
849 485 1006 578 ἰσοϋψεῖς
1021 491 1102 568 τοῖς
1125 485 1244 570 κώμοις
1279 493 1281 498 ’
1335 557 1343 584 4

15 597 17 676 j
136 586 318 676 κύλινδροι.
831 609 833 612 ·
1108 610 1114 622 “
1149 603 1155 618 ·
1218 608 1221 616 ·

183 685 227 756 Οί
247 680 417 780 άραύπὸ,
451 683 567 756 καὶτὰ
587 682 674 778 ίξής.

503 897 791 1004 moram
811 932 866 1021 ιμ’.
906 945 909 952 “
1018 943 1020 950 ·
1059 936 1062 945 ’

74 1097 81 1116 *
180 1079 271 1152 02⁶
251 1107 396 1167 ομοιοι
416 1083 544 1151 κῶνοι
565 1087 637 1152 καί
657 1081 875 1170 κύλινδροι
895 1081 1000 1172 πρὸς
1025 1074 1238 1172 ἀλλήλους

25 1241 30 1248 .
132 1182 176 1252 ἐν
208 1181 483 1270 τριπλασίονι
517 1179 622 1274 λόγῳ
663 1179 750 1250 είσί
783 1183 862 1248 τῶν
896 1181 935 1248 ἐν
966 1187 1067 1260 ταῖς
1086 1179 1239 1267 βάσεσι
1313 1186 1317 1197 ’

132 1283 205 1348 δια
242 1306 381 1368 ετρων.
440 1311 447 1338 s

162 1304 383 1448 ''Engoav'
362 1375 478 1466 ὅμοιοι
496 1381 596 1447 κῶνοι
614 1403 671 1447 και
661 1374 877 1470 κύλινδροι,
914 1369 958 1446 ὧν
976 1357 1093 1464 βάσεις
1115 1387 1176 1468 μὲν
1202 1382 1236 1452 σί

123 1483 264 1562 ιΑΒΓΔ,
298 1483 419 1549 ΕΖΗΘ
441 1480 573 1558 κύκλοι,
607 1479 782 1568 διάμετροι
807 1481 844 1547 δὲ
869 1481 933 1545 τῶν
951 1476 1141 1564 βάσεων
1107 1507 1144 1550 αι
1166 1489 1234 1567 ΒΔ,
1350 1478 1355 1486 ”

116 1582 205 1666 ΖΘ,
235 1571 350 1659 άξονες
370 1582 465 1647 δε
419 1605 483 1645 των
503 1575 614 1645 κώνων
630 1605 687 1646 και
678 1577 880 1667 κυλινδρων
895 1607 927 1648 οι
916 1577 1020 1664 ‘‚KA
1043 1585 1125 1670 MN·
1145 1581 1234 1671 λε’γω

128 1675 184 1746 ὅτι
199 1671 217 1745 ὁ
234 1684 354 1758 κῶνος,
370 1669 422 1746 ού
445 1675 544 1764 βάσις
562 1677 622 1762 μέν
646 1677 737 1746 ἔστιν
759 1704 778 1746 ο
795 1687 909 1748 ΑΒΓΔ
929 1665 1064 1762 κύκλος,
1091 1677 1235 1806 κορυφή

128 1781 181 1846 δὲ
193 1776 232 1850 τά
256 1784 285 1844 Λ
313 1778 467 1867 σημεῖον,
500 1776 587 1868 πρὸς
608 1776 666 1844 τὸν
686 1773 806 1858 κῶνον,
845 1771 884 1847 οὗ
901 1771 1001 1865 βάσις
1019 1779 1106 1866 μέν
1101 1782 1199 1860 εστιν·
1213 1779 1233 1848 ὃ

127 1881 248 1946 ΕΖΗΘ
269 1873 405 1958 κύκλος
429 1876 560 1968 κορυφή
582 1879 618 1948 δε
639 1877 679 1944 τὸ
699 1883 728 1946 Ν
749 1881 901 1968 σημεῖον,
929 1879 1152 1969 τριπλασίονα
1169 1877 1233 1950 λά
1287 1949 1290 1956 ,

3 2007 5 2012 ·
126 2002 186 2066 γον
208 1973 276 2060 ἔχει
298 1969 456 2068 ήπερὴ
454 1982 509 2044 BA
530 2001 618 2068 προς
636 2001 697 2065 τήν
716 1979 787 2046 ΖΘ.
1415 1993 1420 2006 “

168 2074 212 2144 El
235 2076 298 2168 γὰρ
316 2079 363 2166 μή
384 2075 452 2160 ἔχει
479 2103 497 2144 0
515 2081 661 2143 ΑΒΓΔΛ
677 2081 781 2154 κῶνος
804 2099 892 2166 προς
913 2079 971 2144 τὸν
987 2053 1137 2150 ΕΖΗΘΝ
1161 2079 1230 2148 κῶ

124 2201 182 2244 νον
208 2175 430 2266 τριπλασίονα
461 2169 606 2298 λόγον”
586 2201 688 2266 ήπερ
700 2170 798 2264 ήΒΔ
813 2170 902 2263 πρός
922 2177 982 2263 ’τήν
1003 2181 1081 2262 ΖΘ,
1119 2175 1230 2260 ἕξειὸ
1301 2225 1303 2230 ·

124 2269 271 2344 ΑΒΓΔΛ
292 2279 395 2353 κῶνος
414 2270 435 2364 ή
454 2275 539 2362 πρὸς
559 2272 696 2341 ἔλαττόν
714 2299 748 2340 τι
767 2279 828 2341 τοῦ
850 2280 998 2344 ΕΖΗΘΝ
969 2273 1126 2344 ικώνου
1150 2301 1231 2346 στε-

124 2373 204 2466 ρεὸν
220 2373 443 2462 τριπλασίονα
465 2373 581 2460 λόγον,
611 2369 740 2462 ἢπρός
756 2372 879 2454 μεῖζον.
923 2371 1044 2456 Ἐχέτω
1065 2375 1229 2466 πρότερον

123 2473 213 2561 πρὸς
236 2471 374 2542 ἔλαττον
397 2475 436 2541 τὸ
457 2475 491 2545 Ξ
497 2509 511 2556 ,’
542 2477 599 2540 καὶ
623 2467 845 2558 ἐγγεγράφθω
869 2471 919 2552 είς
942 2472 1001 2540 τόν
1021 2477 1142 2540 ΕΖΗΘ
1166 2471 1230 2541 κύ-

123 2575 203 2642 κλον
230 2570 437 2661 τετράγωνον
471 2573 511 2642 τὸ
548 2574 684 2640 ΕΖΗΘ·
730 2569 770 2638 τύ
806 2562 873 2660 ύίρα
907 2576 1025 2640 ΕΖΗΘ
1059 2566 1230 2663 τετράγω-
1308 2629 1311 2636 Α

47 2729 49 2733 ,
120 2699 178 2744 νον
207 2669 320 2760 μεῖζόν
346 2674 435 2742 ἐστιν
460 2669 484 2764 ἢ
512 2672 551 2741 τὸ
580 2669 683 2762 ήμισυ
711 2673 777 2737 τού
808 2675 926 2740 ΕΖΗΘ
960 2669 1093 2742 κύκλου.
1157 2676 1229 2742 Καί
1255 2717 1258 2722 -

120 2771 289 2842 άνεστάτω
320 2773 380 2842 ἐπί
402 2776 464 2842 τοῦ
496 2775 618 2840 ΕΖΗΘ
650 2765 858 2861 τετραγώνου
885 2776 1035 2864 πυραμίς
1070 2772 1130 2862 τήν
1159 2771 1228 2843 αύ-

41 2921 49 2932 -
119 2873 181 2965 τήν
199 2871 350 2966 κορυφὴν
371 2871 492 2959 ἔλουσα
515 2875 563 2960 τῷ
587 2867 698 2964 κώνῳ*
734 2865 847 2960 ήάρα
866 2869 1094 2944 ἀνασταθεῖσα
1113 2898 1233 2965 πυραε,

7 3005 11 3013 ’
103 2976 178 3060 Ι’μίς
192 2973 315 3058 μείζων
333 2975 423 3042 ἐστίν
443 2969 521 3064 ἢκό
539 2971 641 3064 ἥμισυ
658 2969 761 3060 μέρος
773 2974 835 3038 τοῦ
851 2967 968 3038 κώνου.
1009 2967 1262 3064 ’Τετμήσθω-ε’
1385 3029 1389 3037 .

120 3098 185 3144 σαν
207 3074 246 3165 δή
269 3070 306 3139 αί
328 3077 400 3158 ΕΖ,
430 3079 506 3157 ΖΗ,
536 3076 616 3162 ΗΘ,
645 3076 704 3140 ΘΕ
727 3070 1048 3162 περιφέρειαιὸίχα
1076 3071 1161 3140 κατὰ
1182 3070 1227 3140 τά
1258 3099 1260 3104 ’

120 3181 171 3260 Ο,
193 3181 244 3260 Π,
265 3177 308 3258 Ρ,
331 3179 360 3239 Σ
376 3178 512 3260 σημεῖα,
540 3177 598 3241 καί
615 3168 872 3254 ἐπεζεύχθωσαν
893 3169 929 3240 αἱ
947 3177 1040 3260 ΕΟ,
1053 3165 1127 3256 ΟΖ,
1141 3178 1225 3256 ΖΠ,
1310 3189 1315 3196 ’

118 3281 204 3360 ΠΗ,
237 3278 311 3357 ΗΡ,
344 3277 419 3358 ΡΘ,
452 3278 532 3360 ΘΣ,
570 3277 646 3340 ΣΕ·
682 3273 740 3340 καί
767 3269 908 3341 ἕκαστον
934 3265 1001 3364 άρα
1029 3275 1095 3339 τῶν
1124 3275 1223 3357 ΕΟΖ,

117 3383 228 3459 ΖΠΗ,
256 3375 362 3457 ΗΡΘ,
396 3376 487 3442 ΘΣΕ
507 3367 674 3463 τριγώνων
692 3369 806 3456 μεῖζόν
826 3367 918 3440 ἐστιν
938 3368 1020 3464 ἢτὸ
1038 3370 1143 3458 ήμισυ
1159 3373 1233 3456 με’-“

117 3485 189 3568 ρος
202 3477 263 3543 τού
294 3471 375 3541 καθ’
398 3467 498 3541 ἑαυτὸ
525 3471 697 3562 τμήματος
722 3472 784 3540 τοῦ
811 3474 930 3540 ΕΖΗΘ
964 3469 1095 3540 κύκλου.
1155 3475 1233 3544 Καί

116 3574 284 3646 ἀνεστάτω
302 3569 361 3662 ἐφ’
386 3567 530 3642 ἑκάστου
549 3575 614 3638 τών
633 3574 738 3653 ΕΟΖ,
768 3575 877 3656 ΖΠΗ,
900 3575 1006 3658 ΗΡΘ,
1034 3573 1125 3640 ΘΣΕ
1148 3597 1242 3664 τρι-Ι

116 3672 228 3766 γώνων
252 3674 400 3763 πυραμίς
428 3673 488 3762 τήν
515 3672 618 3761 αὐτήν
638 3673 787 3762 κορυφήν
812 3670 933 3755 ἔχουσα
950 3673 998 3758 τῷ
1024 3669 1135 3760 κώνῳ·
1168 3675 1226 3742 καί
1318 3755 1323 3763 .

51 3843 53 3852 .
108 3772 240 3865 ’ἑκάστη
264 3767 332 3864 άρα
355 3774 421 3841 τῶν
447 3769 698 3840 ἀνασταθεισῶν
727 3769 926 3860 πυραμίδων
945 3768 1067 3855 μείζων
1093 3768 1229 3862 ἐστίνή
1283 3768 1288 3773 ’

115 3875 156 3944 τὸ
175 3873 278 3964 ήμισο
296 3871 398 3963 μέρος
415 3875 477 3941 τοῦ
498 3870 578 3940 καθ’
599 3869 717 3962 ἑαυτήν
728 3867 900 3958 τμήματος
916 3872 977 3936 τοῦ
992 3869 1107 3939 κώνου.
1156 3871 1225 3942 Τί-

115 3999 250 4062 μνοντες
270 3973 394 4063 άήτάς
411 3967 681 4058 ὑπολειπομένας
697 3968 920 4060 περιφερείας
941 3969 1034 4052 δίχα,
1064 3974 1120 4037 καί
1143 3971 1226 4040 ἐπι-ι
1350 3977 1353 3984 ’

118 4073 304 4165 ζευγνύντες
323 4070 480 4157 εύθείας,
517 4077 573 4144 καί
596 4067 787 4152 ἀνιστάντες
812 4066 872 4161 ἐφ’
895 4068 1038 4140 ἑκάστου
1059 4073 1125 4140 τῶν
1147 4095 1225 4162 τρι-
