2856 4628
550 255 687 327 LIBER
704 259 765 330 vl
828 199 832 215 ι
1158 271 1218 336 ττι

75 498 79 509 ,
148 430 228 498 Τῶν
245 405 308 554 γάρ
330 426 439 498 αὐτῶν
456 425 824 508 κατασκευασθέντων,
843 425 937 498 ἐπεῖ
943 419 1082 498 ἔστινι
1058 451 1105 508 ως
1126 419 1218 519 ήΒΔ

102 527 194 618 πρὸς
217 529 276 620 τήν
293 533 356 596 ΔΑ
380 519 527 649 ρῦτωςή
551 529 603 594 ΓΕ
626 528 716 618 πρὸς
738 527 798 624 τήν
821 531 901 610 ΕΑ,
932 525 1010 596 ἀλλ’
1033 522 1136 618 μὲνή
1159 530 1218 598 ΒΔ

103 627 195 720 πρὸς
210 625 389 722 τήνΔΑ“
358 625 464 707 ου’τως
480 625 520 694 τὸ
543 628 633 694 ΒΔΕ
649 625 809 749 τρίγωνον
827 621 917 715 πρός.
929 652 970 696 σο
956 627 1076 726 ΑΔΕ
1092 653 1218 718 ²66⁰>-
1270 638 1275 646 ·
1314 649 1318 663 .

65 734 68 740 '
102 753 178 808 νον,
211 725 258 808 ώς
282 730 319 798 66
337 731 389 797 ΓΕ
415 723 503 816 πρὸς
527 728 587 818 τήν
608 729 669 794 EA
689 723 796 805 οὕτως
812 725 852 792 τὸ
868 727 1119 818 ΓΔΕτρῖγωνσν
1129 729 1218 820 πρὸς

101 825 143 896 τὸ
164 829 258 897 ΑΔΕ
274 825 451 919 τρίγωνονῥ
492 828 550 894 καὶ
570 823 619 905 ώς
635 817 703 914 Ξὶρα
723 824 763 894 τὰ
782 829 868 894 ΒΔΕ
890 825 1049 952 τρίγωνον
1068 827 1158 916 πρὸς
1176 825 1217 894 τὸ

28 943 30 948 ’
99 929 193 996 ΑΔΕ
215 927 375 1018 τρίγωνον
397 923 504 1004 οὕτως
525 921 565 994 τὸ
584 927 663 991 ΓΔΕ
684 923 844 1014 τρίγωνον
866 928 953 1017 πρὸς
973 929 1014 996 τὸ
1034 930 1123 996 ΑΔΕ
1139 923 1217 1014 τρί

85 1051 218 1116 γωνον.
264 1023 439 1115 Ἑκάτερον
462 1017 529 1113 ώρα
551 1027 618 1094 τών
638 1028 742 1107 ΒΔΕ,
773 1029 853 1093 ΓΔΕ
874 1024 1042 1146 τριγώνων
1064 1025 1152 1152 πρὸς
1175 1027 1216 1094 τὸ
1282 1033 1284 1038 ’

96 1127 189 1222 ΑΔΕ
205 1125 368 1218 τριγωυαν
377 1121 492 1194 τὸν
452 1123 552 1245 αυτὸγ
568 1122 638 1208 ἔχει
653 1120 762 1212 λόγόν.
794 1117 924 1194 ’'Iuor’'
902 1153 969 1216 αρα
985 1127 1108 1196 ἐστὶ
1072 1153 1112 1197 το
1115 1129 1216 1194 ΒΔΕ
1287 1135 1288 1142 ’

96 1224 264 1350 τρίγωνον
279 1251 327 1313 τῳ
310 1227 423 1292 ΓΔΕ
440 1219 604 1314 τριγώνῳ·
630 1226 692 1291 καὶ
709 1218 795 1292 εΞΞιιν
815 1226 931 1295 ἐπὶ
889 1252 949 1315 της
967 1222 1071 1317 αὐτῆς
1085 1225 1217 1313 βάσεως
1297 1308 1301 1319 ,

96 1332 161 1416 τῆς
173 1327 263 1395 ΔΕ.’1
295 1325 348 1393 T6
365 1316 444 1393 w
424 1337 483 1392 ιτα
500 1322 643 1414 τρίγωνα
663 1327 722 1391 καῖ
737 1323 796 1392 ἐπὶ
812 1329 872 1414 τῆς
889 1321 992 1414 αὐτῆς
1011 1319 1175 1410 βώσεως”
1156 1352 1216 1394 ον-

96 1451 160 1507 τα,
181 1417 242 1494 ααῖ
256 1423 291 1494 ἕν
309 1429 386 1518 ταῖς
397 1417 513 1502 αὐτοῖς
527 1420 762 1514 παραλλήλοις
776 1423 859 1494 ἐστι’.
908 1417 1217 1518 Παρώλληλος”αρα

91 1517 232 1598 ἐστὶν
211 1550 233 1614 η
246 1529 306 1594 ΔΕ
316 1551 358 1618 τῃ
342 1529 433 1594 ΒΓ.
473 1519 547 1592 Ἐἀν
560 1519 626 1668 Ξίρα
641 1520 828 1612 τριγώνου,
845 1527 903 1593 καὶ
917 1547 960 1592 τα
948 1520 1065 1616 Ξξής.

411 1777 413 1781 ·
486 1763 835 1857 πΡουΑΣιΣγ.

138 1919 228 2002 Ἐὰν
247 1915 454 2011 τριγώνου
469 1915 601 2008 γωνία
622 1916 719 2002 (λίγα
738 1917 950 2012 τμηθῇ,’
930 1949 952 2013 η
973 1924 1017 1994 δε
1033 1920 1218 2011 τέμνου-·

100 2043 152 2090 σα
176 2023 249 2108 τήν
283 2017 447 2110 γωνίαν
462 2013 612 2087 εὐθεῖα
637 2018 766 2145 Ιτέμνη
793 2025 864 2090 καὶ
889 2020 962 2114 τήν
986 2019 1124 2109 βόσιν,
1166 2027 1218 2096 τὰ

99 2123 174 2212 τῆς
201 2116 367 2206 βάσεως
392 2116 590 2210 τμήματα
618 2120 689 2188 τὸν
715 2117 839 2190 αὐτὸν
860 2121 947 2203 ἕξει
975 2121 1100 2214 λόγον
1123 2132 1217 2206 ταῖς

100 2222 287 2318 λοιπαῖς
307 2223 380 2290 τοῦ
399 2216 607 2310 τριγώνου
628 2222 851 2310 πλευραῖς·
884 2226 954 2290 καὶ
981 2223 1050 2294 ἐὰν
1075 2227 1123 2294 τὰ
1143 2229 1218 2316 τῆς·

99 2311 271 2405 ῥώσεως
295 2315 492 2410 τμήματα
519 2317 590 2384 τὸν
615 2316 791 2388 αὐτόν’
768 2345 840 2409 εχῃ
858 2317 983 2407 λόγον
1001 2329 1096 2402 ταῖς
1116 2327 1219 2407 λαι-

100 2426 206 2499 παῖς
235 2420 310 2486 τοῦ
341 2412 554 2540 τριγώνρυ
581 2419 812 2506 πλευραῖς,
852 2413 1218 2510 ήᾶπὸτῆςκορυ-

101 2545 181 2646 φης
213 2518 286 2588 ἐπὶ
316 2515 405 2606 τήν
417 2511 549 2600 τομήν
576 2511 920 2607 ἐπιζευγνυμένη
944 2514 1097 2586 εὐθεῖα
1118 2518 1218 2604 δίχα

100 2621 253 2706 τέμνει
274 2617 347 2742 τήν
366 2617 440 2683 τοῦ
461 2609 672 2704 τριγώνου
694 2611 859 2704 γωνίαν.
1228 2675 1232 2681 .

130 2713 263 2790 ’Ἔστω
259 2717 425 2842 τρίγωνον
440 2739 481 2783 το
467 2713 600 2795 ΑΒΓ,
628 2737 686 2781 ιιωι
677 2711 928 2806 τετμήσθω“
907 2743 929 2807 η
951 2716 1020 2787 ὕπὸ
1038 2719 1127 2798 ΒΑΓ
1146 2743 1220 2808 γω-

101 2818 158 2888 νία
182 2813 295 2904 oixa‘
279 2817 347 2887 υπὸ
365 2817 427 2908 τῆς
448 2817 512 2885 ΑΔ
540 2809 712 2894 εὐθείας·-
731 2813 867 2904 λέγω“
846 2841 901 2886 οτι
927 2816 1018 2890 ἐστὶν
1046 2815 1092 2899 ὡς
1117 2845 1138 2910 η
1122 2811 1219 2890 ΒΔ

101 2919 190 3010 πρὸς
224 2917 283 3008 τὴν
307 2921 364 2986 ΔΓ
395 2911 503 2994 οὕτως
530 2909 552 3003 ἡ
576 2916 640 2982 BA
667 2913 754 3003 πρὸς
781 2913 843 3003 τήν
1217 2962 1220 2973 ι

130 3110 258 3204 Ἤχθω
278 3118 342 3207 γὰρ
366 3114 422 3183 666
438 3101 499 3182 τοῢ
520 3117 543 3178 Γ
560 3137 608 3204 τη
584 3115 682 3180 ΔΑ
703 3115 841 3204 παραλ-

6 3243 7 3248 *
104 3213 240 3310 λήλοςς
222 3243 242 3308 η
258 3221 325 3297 ΓΕ,
354 3239 411 3290 και
403 3207 648 3335 διαχθεῖσα(
630 3241 650 3304 η
671 3217 735 3282 BA
752 3235 840 3300 ουμσ

103 3319 259 3400 πιπτέτω
283 3312 368 3406 αὐτῇ
390 3311 473 3381 κατὰ
498 3315 537 3380 τὸ
563 3317 602 3380 Ε
962 3372 964 3379 ,

145 3418 216 3486 Καὶ
237 3419 314 3486 ἐπεὶ
341 3413 391 3493 εἷς
421 3409 663 3503 παραλλήλους
684 3411 744 3492 τὰς
765 3418 837 3496 ΑΔ,
1170 3442 1172 3446 ·

49 3557 54 3566 ·
103 3519 157 3584 ΕΓ
182 3513 339 3587 εὐθεῖα
323 3513 478 3584 ενὲπεσεν
496 3538 516 3632 η
503 3507 610 3596 ‘Ar,
638 3505 747 3604 ήῖίρα
768 3508 838 3582 ὑπὸ
886 3412 1173 3689 AR„

105 3621 190 3686 ΑΓΕ
204 3615 308 3706 γωνία
320 3611 389 3706 Ξοη
393 3609 596 3708 ἐστὶτῇὖπο
584 3613 705 3681 ΓΑΔ
742 3609 836 3682 Ἀλλ’
873 3635 900 3694 Β
982 3641 1014 3690 Δ

105 3710 205 3806 ήῦπο
192 3717 363 3784 ΓΑΔ”
321 3741 363 3805 τῃ
375 3711 443 3784 ὖπο
431 3705 579 3781 BA-A‘
563 3709 742 3784 υπόιιειται
761 3711 836 3803 Ξση·

106 3820 163 3884 καὶ
189 3815 210 3906 ἡ
229 3811 298 3885 ὕπο
285 3807 435 3884 BAA'
423 3805 489 3936 ἄρα
507 3839 548 3906 τη
567 3810 635 3884 ὑπὸ
654 3819 742 3884 ΑΓΕ
764 3815 892 3887 ἒστὶν”
872 3843 939 3910 ιση.
989 3815 1117 3902 Πάλιν,
1136 3819 1217 3892 ἐπεὶ

106 3913 155 3996 εΞς
176 3911 416 4040 παραλλήλρυς
430 3915 491 3995 τὰς
508 3920 588 3998 ΑΔ,
623 3919 677 3982 ΕΓ
694 3913 815 3984 εὐθεῖα
841 3911 1035 4008 ἐνέπὲσενή
1058 3916 1218 4002 BAE,
1192 3949 1214 4011 η

106 4013 200 4093 ἐκτὸς
224 4041 327 4104 γωνια
353 4009 373 4104 ἢ
398 4011 466 4082 ὑπὸ
488 4011 616 4084 ΒΑΔ”
597 4038 668 4104 ιση
678 4016 756 4085 ἐστὶ
771 4023 819 4110 τῇ
845 4018 1003 4098 ἐντὸς
959 4045 1002 4110 τγγ
1025 4011 1094 4086 ὕπὸ
1115 4023 1213 4088 ΑΕΓ.

102 4106 255 4205 Ἐδείχθη
280 4119 317 4187 66
337 4118 396 4228 κατ’
419 4109 441 4206 ή
461 4108 530 4186 ὑπὸ
555 4118 640 4183 ΑΓΕ
660 4117 702 4211 τῇ
724 4113 902 4210 onam
812 4115 1001 4210 ΒΑΔΞοη,
1015 4123 1089 4188 κατ’
1109 4115 1215 4210 ἡῧπό
