2850 4626
555 223 689 290 LIBER
712 223 789 289 ΧΠ.
1164 242 1223 296 κει

115 392 290 482 στήσωμεν
314 389 488 484 πυραμίδα
505 385 641 476 -ίσούφῆ
659 391 715 476 τῷ,
727 384 837 475 κιύνφ,
855 386 1092 512 ήέγγραφεῖσα
1106 415 1253 482 πυρα·

112 496 227 578 μλςμ
197 489 217 556 ν’
216 487 297 576 μισύ
307 491 394 558 ἐστι
412 493 471 580 τῆς
489 487 770 609 περιγραφείσης,
801 488 890 579 πρὸς
911 485 1085 580 ἀλλήλας
1077 487 1140 578 γάρ
1164 490 1220 558 εἶ·-

115 616 170 660 σιν
189 587 232 668 ὡς
255 615 290 656 σι
279 585 433 673 βάσεις.
482 584 641 656 Ἑλάττων
660 584 733 655 δὲ
717 613 736 653 ο
753 591 856 666 κῶνος
874 592 933 676 τῆς
954 588 1218 712 περιγραφείσης

113 689 321 778 πυραμίδος·
359 681 478 784 ἡάρλα
496 712 600 776 πυρα
587 712 660 770 ιις
696 677 746 776 ἧς.
759 683 857 776 βάσις
884 687 923 755 τὸ
951 689 1068 755 ΕΖΗΘ
1095 685 1218 808 τετρύ-

114 815 238 910 γωνον,
276 777 408 908 κορυφή
432 781 513 856 66‘
492 815 517 876 η
545 785 627 910 αύτή
648 791 696 877 τῷ
724 784 882 906 κιύνρι,γ
869 786 992 871 μείζων
1020 787 1108 855 ἐστίν
1136 779 1216 876 ἢτὸ

114 885 220 977 ἥμισυ
238 891 298 956 τού
320 885 437 964 κώνου.
502 881 752 977 Τετμήσθωσαν
774 883 810 954 αἱ
835 891 906 970 ΕΖ,
939 892 1014 970 ΖΗ,
1042 883 1124 970 ΗΘ,
1156 889 1215 954 ΘΕ

2 1018 3 1021 “
113 985 352 1076 περιφέρειαι
342 983 433 1070 δίχα
453 1012 537 1054 κατα
525 986 663 1069 τάΟ,
693 993 746 1069 Π,
757 985 822 1064 ··Ρ·,’
844 989 1035 1074 Στήμεῖα,
1060 1011 1117 1052 και
1108 984 1217 1052 ἒπε-

4 1097 7 1106 ¹
115 1083 309 1170 ζειχοωσιο
336 1083 383 1153 αι
394 1089 475 1170 σο
503 1090 578 1170 σε,
606 1091 684 1169 Επ,
712 1041 792 1167 n'z,
821 1089 891 1167 σε,
922 1091 996 1168 PH,
1024 1091 1102 1167 ΗΣ,
1134 1089 1217 1154 Σο·

114 1177 299 1283 ἕκαστσν”
277 1210 344 1305 αρα
361 1188 428 1251 τιύν
449 1139 555 1267 ΘΟΕ,
582 1189 690 1266 ΕΠΖ,
720 1189 820 1267 ΖΡΗ,
850 1188 945 1252 ΗΣΘ
965 1182 1130 1274 τριγώνων
1140 1190 1218 1269 μελ·
1283 1203 1285 1208 ’

116 1281 206 1367 ξύν’
192 1307 283 1353 εστιν
300 1277 377 1372 ἢτὸ
402 1281 503 1371 ἥμισυ
524 1287 584 1352 τοῦ
598 1281 715 1361 ,καλΗ
701 1287 800 1353 εαυτό
821 1281 992 1372 τμήματος
1004 1309 1064 1351 του
1050 1281 1214 1352 κύκλον.

105 1381 332 1452 Ἀνεστάτω
311 1379 375 1478 αφ’
396 1379 536 1453 ἑκάστου
558 1389 623 1454 τῶν
641 1388 750 1467 ΘΟΕ,
771 1389 878 1467 ΕΠΖ,
903 1389 1006 1466 ΖΡΗ,
1028 1387 1123 1450 ΗΣΘ
1139 1409 1217 1471 τρι-

113 1481 226 1574 γιύνων
251 1487 401 1574 πυραμίς
428 1479 576 1574 λσούψής
605 1487 653 1571 τῷ
675 1481 785 1572 κιύνῳ
803 1506 879 1552 και
906 1478 1028 1570 ἑκάστη
1056 1475 1123 1589 άρα
1145 1485 1217 1551 τῶν

113 1581 366 1705 ἆιρστοιθεισρῖν
396 1582 593 1672 πυραμίδων
616 1583 751 1668 μείζων
764 1573 899 1652 ἐστίν
878 1609 898 1670 η
921 1581 959 1650 τὸ
973 1581 1089 1672 ήμισυ
1108 1583 1223 1706 μέροςΙ

6 1719 10 1726 ·
113 1687 177 1770 τοῦ
205 1681 288 1756 καθ’
322 1681 422 1753 ἑαυτὸ
447 1679 620 1769 τμήματος
644 1687 705 1750 τοῦ
732 1681 855 1751 κώνου·
892 1673 1064 1767 τέμνοντες
1089 1685 1131 1773 δή
1157 1681 1218 1763 τάς

115 1781 387 1876 ὑπολειπομένας
411 1781 633 1871 περιφερείας
663 1782 754 1864 δίχα,
789 1787 846 1850 καί
878 1781 1124 1875 ἐπιζευγνύντες
1157 1781 1217 1851 εύ-

114 1881 230 1966 θείας,
255 1889 315 1962 καὶ
336 1880 526 1960 ἀνιστάντες
548 1882 607 1952 ε’πί
627 1879 769 1952 ἑκάστου
787 1885 854 1949 τῶν.
873 1880 1039 1971 τριγώνων
1064 1885 1230 1988 πυραμί-ι

113 2083 227 2174 τλιομέν
244 2109 323 2162 ,τινα
340 2077 564 2170 ἀποτμήματα
584 2079 786 2162 τούκιύνου,
809 2072 831 2148 6
855 2081 950 2149 ἔσται
973 2077 1216 2164 ἐλάσσονατού

1 2227 7 2270 3
114 2186 313 2273 Εσπερεού.
366 2180 572 2268 Λελείφθω,
608 2180 664 2251 καί
690 2181 776 2250 ἔστω
801 2184 844 2248 τά
875 2183 1011 2250 ἐπὶτῶν
1036 2185 1117 2267 ΘΟ,
1145 2187 1215 2268 ΟΕ,

114 2289 195 2364 ΕΠ,
230 2286 412 2369 must,
439 2284 520 2360 ΡΗ,
546 2287 625 2362 ΗΣ,
663 2285 741 2348 ΣΘ·
775 2281 880 2367 λοιπή
910 2274 976 2370 ἶν’ρα
1007 2277 1226 2370 ίγπυραμίς,Ι

112 2374 156 2476 ἧς
176 2378 275 2468 βάσις
286 2381 327 2457 τὸ
340 2383 584 2470 ΘΟΕΠΖΡΗΣ
604 2375 814 2464 πολύγωνον,
844 2379 938 2468 ύφος
952 2385 989 2447 δὲ
1009 2380 1047 2448 τὸ
1069 2378 1150 2454 αὐτὸ
1168 2387 1217 2470 τρῖ

114 2482 227 2608 κρίνηι,
254 2479 377 2566 μείζων
400 2477 470 2546 ἐστὶ
492 2480 552 2542 τοῦ
572 2476 768 2564 Ξστερεοῠ.
822 2476 1077 2602 Ἐγγεγράφθω
1086 2485 1143 2550 καί
1166 2479 1217 2560 εἷς

39 2609 47 2628 ·
113 2584 173 2654 τὸν
190 2579 305 2650 ΑΒΓΔ
324 2576 443 2649 κύκλον
460 2601 506 2665 τω
491 2579 763 2647 ΘΟΕΠΖΡΗΣ
780 2577 998 2669 πολυγώνρι“
979 2605 1097 2664 ομοιον
1110 2605 1147 2646 τε
1160 2583 1244 2649 και.
1307 2649 1315 2660 ,
1418 2609 1424 2632 =

114 2681 241 2768 ὁμοίως
249 2677 435 2764 κείμενὸνι
426 2641 672 2797 πολύγωνον
636 2703 675 2743 το
695 2681 945 2762 ΔΤΑΥΒΦΓΧ,
973 2683 1030 2748 καὶ
1047 2675 1215 2747 άνεστάτω
1330 2706 1342 2767 J

112 2780 175 2855 ἐπ’
199 2779 289 2868 αύιῶ
294 2781 455 2904 πυραμίς
469 2775 621 2866 ἰσούφής
643 2782 693 2864 τῷ
711 2783 773 2845 ΑΛ
792 2777 894 2869 κιύνω.
938 2771 1092 2848 Ἐπεί
1052 2805 1111 2850 ουν
1124 2777 1217 2848 ἔστιν

115 2885 161 2964 ὡς
178 2883 218 2952 τὸ
238 2877 307 2954 ἀπὸ
321 2885 380 2969 τῆς
400 2885 457 2947 ΑΓ
466 2877 559 3002 γτρός
570 2877 609 2942 τὸ
626 2877 694 2943 άπὸ
705 2882 764 2964 τής
777 2885 835 2950 ΕΗ
855 2879 961 2960 οὕτως
981 2863 1232 2946 ΔΤΑΥΒΦΓΧ-

73 3017 76 3038 r
113 2979 307 3069 πολύγωνον
325 2979 412 3070 πρὸς
439 2979 497 3046 τὸν
524 2981 767 3050 ΘΟΕΠΖΡΗΣ
797 2976 1005 3066 πολύγωνον,
1044 2975 1089 3058 ὥς
1117 2981 1154 3046 δὲ
1175 2975 1214 3043 τὸ

4 3131 7 3138 .
52 3149 54 3154 ,
113 3082 184 3155 ἀπὸ
209 3083 269 3201 ηής
294 3083 352 3145 ΑΓ
374 3078 460 3167 πρὸς
478 3078 517 3145 τὸ
548 3075 617 3146 άπὸ
637 3081 697 3166 τῆς
715 3085 775 3146 ΕΗ
798 3075 942 3157 ούτωςὸ
962 3081 1077 3146 ΑΒΓΔ
1095 3073 1214 3198 κύκλος
1304 3135 1307 3153 ,
1373 3105 1378 3124 ·

113 3173 221 3310 π’ρὸς
216 3177 279 3248 τὸν
297 3180 414 3244 ΕΖΗΘ
436 3172 570 3243 κύκλον·
603 3182 659 3244 καί
676 3174 721 3258 ὡς
739 3174 804 3266 άρα
823 3205 842 3246 ο
829 3178 978 3246 ΑΒΓΔ
991 3174 1119 3254 κύκλος
1127 3173 1214 3263 πρὸς

112 3286 172 3364 τὸν
191 3274 312 3353 ΕΖΗΘ
330 3272 501 3349 κύκλον
468 3273 574 3353 ούτως
589 3275 630 3344 τὸ
654 3283 710 3346 ΔΤ
712 3282 883 3346 ΑΥΒΦΓΘ
910 3274 1103 3366 πολύγωνον
1128 3273 1215 3362 πρὸς

112 3411 195 3458 το
141 3365 413 3458 ΘΟΕΠΖΡΗΣ
434 3367 635 3464 πολύγωνρν.
681 3373 740 3456 Ὡς
759 3375 835 3446 66‘
819 3405 838 3446 ο
860 3383 975 3446 ΑΒΓΔ
993 3373 1112 3452 κύκλος
1129 3373 1215 3460 πρὸς

54 3563 59 3571 ,
113 3489 171 3556 τὸν
194 3485 312 3552 ΕΖΗΘ
331 3478 450 3548 κύκλον
474 3476 579 3555 ούιως
600 3471 617 3542 6
641 3481 745 3544 ΑΑ
723 3481 826 3558 κῶνος
847 3480 934 3568 πρὸς
941 3475 1047 3546 τάΞ
1068 3473 1212 3563 στερεὸν,

115 3583 161 3667 ὡς
188 3588 224 3654 66
250 3610 290 3649 το
278 3580 545 3648 ΔΤΑΥΒΦΓΧ
574 3573 765 3700 πρλύγωνον
789 3579 875 3665 πρὸς
901 3578 940 3643 τὸ
969 3577 1211 3644 ΘΟΕΠΖΡΗΣ

114 3681 306 3771 πολύγωνον
324 3678 429 3758 οὕτως
449 3674 470 3767 ή
487 3698 534 3744 πυ
535 3680 649 3764 ραιιίς,
677 3667 716 3766 ἧς
737 3673 837 3760 βάσις
853 3669 914 3762 μάν
929 3701 968 3742 το
954 3671 1214 3742 ΔΤΑΥΒΦΓΧ
1308 3749 1311 3756 ,

114 3781 324 3908 πολύγωνον,
354 3779 484 3901 κορυφή
509 3780 545 3845 66
567 3778 607 3843 τὸ
627 3782 656 3842 Α
677 3799 843 3860 σημειον,
856 3773 943 3863 πρὸς
957 3800 1016 3862 την
1028 3772 1211 3863 πυραμίδα

113 3875 162 3974 ής
174 3879 275 3967 βάσις
300 3883 359 3965 μὲν
381 3907 421 3948 το
408 3879 682 4000 ΘΟΕΠΖΡΗΣ
706 3872 914 3998 πολύγωνρν,
950 3897 1079 3963 κορυφη
1107 3875 1144 3941 66
1172 3874 1212 3941 τὸ
1341 3947 1373 3991 ,Ι
1420 3921 1422 3928 ,

114 3988 313 4069 Νσημεῑον·
340 3985 397 4048 καὶ
416 3977 461 4057 ὡς
480 3971 592 4068 άραγ
572 3972 592 4064 ίγ
613 3981 676 4042 ΑΛ
690 4001 798 4056 κωνος
808 3973 894 4064 προς
907 3996 989 4044 το
967 3973 1137 4062 στερεόν
1151 3970 1214 4041 06-

115 4099 184 4160 τως
205 4075 225 4166 6
246 4103 409 4203 πυραμις,
435 4069 476 4167 ἧς
496 4074 594 4164 βάσις
613 4079 673 4162 μὲν
694 4075 734 4146 τὸ
757 4076 992 4146 ΔΤΑΥΒΦΓΧ
1012 4069 1232 4161 πολύγωνον,
